<record><leader>00000cas a22000007a 4500</leader><controlfield tag="001">13133890</controlfield><controlfield tag="008">860210d18471847pauwr ne      0    0ger d</controlfield><datafield ind1=" " ind2=" " tag="010"><subfield code="a">sn 86081090 </subfield></datafield><datafield ind1=" " ind2=" " tag="040"><subfield code="a">NPH</subfield><subfield code="b">eng</subfield><subfield code="c">NPH</subfield><subfield code="d">OCLCQ</subfield></datafield><datafield ind1="0" ind2="4" tag="245"><subfield code="a">Der Democratische Berichter.</subfield></datafield><datafield ind1="1" ind2="3" tag="246"><subfield code="a">Berichter</subfield></datafield><datafield ind1=" " ind2=" " tag="260"><subfield code="a">Aaronsburg, Pa. :</subfield><subfield code="b">Ludwig Kurtz</subfield></datafield><datafield ind1=" " ind2=" " tag="300"><subfield code="a">v. ;</subfield><subfield code="c">52 cm.</subfield></datafield><datafield ind1=" " ind2=" " tag="310"><subfield code="a">Weekly</subfield></datafield><datafield ind1="1" ind2=" " tag="362"><subfield code="a">Began in 1847?; ceased in 1847?</subfield></datafield><datafield ind1=" " ind2=" " tag="588"><subfield code="a">Description based on: Jahrg. 19, nr. 46 (May 27, 1847).</subfield></datafield><datafield ind1=" " ind2=" " tag="752"><subfield code="a">United States</subfield><subfield code="b">Pennsylvania</subfield><subfield code="c">Centre</subfield><subfield code="d">Aaronsburg.</subfield></datafield><datafield ind1="0" ind2="0" tag="780"><subfield code="t">Centre Berichter (Aaronsburg, Pa.)</subfield><subfield code="w">(DLC)sn 86081089</subfield></datafield><datafield ind1="0" ind2="0" tag="785"><subfield code="t">Democratischer Berichter und Centre County Anzeiger</subfield><subfield code="w">(DLC)sn 86081091</subfield></datafield></record>